@phdthesis{adam2017systems,
  title={Systems, generativity and interactional effects},
  author={Adam, Elie M},
  year={2017},
  school={Massachusetts Institute of Technology}
}
@book{schultz2019temporal,
  title={Temporal Type Theory},
  author={Schultz, Patrick and Spivak, David I},
  year={2019},
  publisher={Springer}
}
@book{maclane2012sheaves,
  title={Sheaves in geometry and logic: A first introduction to topos theory},
  author={MacLane, Saunders and Moerdijk, Ieke},
  year={2012},
  publisher={Springer Science \& Business Media}
}
@mastersthesis{capucci2020internal,
  title={Internal mathematics for stochastic calculus: a tripos-theoretic approach},
  author={Capucci, Matteo},
  year={2020},
  school={Università degli Studi di Padova},
  url={https://perma.cc/CX5B-S94T}
}
@phdthesis{blechschmidt2018using,
  title={Using the internal language of toposes in algebraic geometry},
  author={Blechschmidt, Ingo},
  year={2018},
  school={Universität Augsburg}
}
@misc{nlab_cech_cohomology,
  author={nLab authors},
  title={\v{C}ech cohomology},
  year={2020}
}
